<record><leader>00000cas a2200000 a 4500</leader><controlfield tag="001">37912056</controlfield><controlfield tag="008">971109d1976197upaumr ne      0    0eng c</controlfield><datafield ind1=" " ind2=" " tag="010"><subfield code="a">sn2004060394</subfield></datafield><datafield ind1=" " ind2=" " tag="040"><subfield code="a">GFK</subfield><subfield code="b">eng</subfield><subfield code="c">GFK</subfield><subfield code="d">OCL</subfield><subfield code="d">NYS</subfield><subfield code="d">CUV</subfield><subfield code="d">OCLCQ</subfield><subfield code="d">OCLCA</subfield></datafield><datafield ind1=" " ind2=" " tag="042"><subfield code="a">pcc</subfield></datafield><datafield ind1=" " ind2=" " tag="043"><subfield code="a">n-us---</subfield></datafield><datafield ind1="1" ind2="4" tag="050"><subfield code="a">HQ75</subfield><subfield code="b">.D565</subfield></datafield><datafield ind1="0" ind2="0" tag="245"><subfield code="a">Di-Men'-sion.</subfield></datafield><datafield ind1="3" ind2=" " tag="246"><subfield code="a">Dimension (Philadelphia, Pa.)</subfield></datafield><datafield ind1=" " ind2=" " tag="260"><subfield code="a">Philadelphia, Pa. :</subfield><subfield code="b">Dimension,</subfield><subfield code="c">1976-</subfield></datafield><datafield ind1=" " ind2=" " tag="300"><subfield code="a">v. :</subfield><subfield code="b">ill. ;</subfield><subfield code="c">38 cm.</subfield></datafield><datafield ind1=" " ind2=" " tag="310"><subfield code="a">Monthly</subfield></datafield><datafield ind1="0" ind2=" " tag="362"><subfield code="a">Vol. 1, issue 1 (Apr. 1976)-</subfield></datafield><datafield ind1=" " ind2=" " tag="500"><subfield code="a">"The national entertainment newspaper for men who like things manly."</subfield></datafield><datafield ind1=" " ind2=" " tag="500"><subfield code="a">Publisher: T.D. Wood.</subfield></datafield><datafield ind1=" " ind2=" " tag="500"><subfield code="a">Editor/Art director: Steve Perkins.</subfield></datafield><datafield ind1=" " ind2=" " tag="500"><subfield code="a">Title from cover.</subfield></datafield><datafield ind1=" " ind2=" " tag="515"><subfield code="a">Vol. 1, no. 1 called also "Premier issue."</subfield></datafield><datafield ind1=" " ind2=" " tag="588"><subfield code="a">Latest issue consulted: V. 1, no. 9 (Dec. 1976).</subfield></datafield><datafield ind1=" " ind2="0" tag="650"><subfield code="a">Gay men</subfield><subfield code="z">United States</subfield><subfield code="v">Newspapers.</subfield></datafield><datafield ind1=" " ind2="0" tag="650"><subfield code="a">Gay men</subfield><subfield code="z">Pennsylvania</subfield><subfield code="z">Philadelphia</subfield><subfield code="v">Newspapers.</subfield></datafield><datafield ind1=" " ind2="0" tag="650"><subfield code="a">Performing arts</subfield><subfield code="z">United States</subfield><subfield code="v">Newspapers.</subfield></datafield><datafield ind1=" " ind2="0" tag="650"><subfield code="a">Theater</subfield><subfield code="z">United States</subfield><subfield code="v">Reviews</subfield><subfield code="v">Newspapers.</subfield></datafield><datafield ind1=" " ind2="0" tag="650"><subfield code="a">Motion pictures</subfield><subfield code="v">Reviews</subfield><subfield code="v">Newspapers.</subfield></datafield><datafield ind1=" " ind2="0" tag="650"><subfield code="a">Music</subfield><subfield code="v">Reviews</subfield><subfield code="v">Newspapers.</subfield></datafield><datafield ind1=" " ind2="0" tag="650"><subfield code="a">Gay culture</subfield><subfield code="z">United States</subfield><subfield code="v">Newspapers.</subfield></datafield><datafield ind1=" " ind2="0" tag="650"><subfield code="a">Gay men</subfield><subfield code="x">Sexual behavior</subfield><subfield code="v">Pictorial works</subfield><subfield code="v">Newspapers.</subfield></datafield><datafield ind1=" " ind2="0" tag="650"><subfield code="a">Gay bars</subfield><subfield code="z">United States</subfield><subfield code="v">Newspapers.</subfield></datafield><datafield ind1=" " ind2="0" tag="650"><subfield code="a">Gay business enterprises</subfield><subfield code="z">United States</subfield><subfield code="v">Newspapers.</subfield></datafield><datafield ind1=" " ind2="0" tag="651"><subfield code="a">Philadelphia (Pa.)</subfield><subfield code="v">Newspapers.</subfield></datafield><datafield ind1=" " ind2="0" tag="651"><subfield code="a">Philadelphia County (Pa.)</subfield><subfield code="v">Newspapers.</subfield></datafield><datafield ind1="1" ind2=" " tag="700"><subfield code="a">Wood, T. D.</subfield></datafield><datafield ind1="1" ind2=" " tag="700"><subfield code="a">Perkins, Steve.</subfield></datafield><datafield ind1=" " ind2=" " tag="752"><subfield code="a">United States</subfield><subfield code="b">Pennsylvania</subfield><subfield code="c">Philadelphia</subfield><subfield code="d">Philadelphia.</subfield></datafield><datafield ind1="1" ind2=" " tag="029"><subfield code="a">AU@</subfield><subfield code="b">000025542898</subfield></datafield></record>